<?xml version="1.0" encoding="UTF-8"?><record xmlns="http://www.loc.gov/MARC21/slim" xmlns:cinclude="http://apache.org/cocoon/include/1.0" xmlns:zs="http://www.loc.gov/zing/srw/">
  <leader>00696cz  a2200133n  4500</leader>
  <controlfield tag="001">n  86024396 </controlfield>
  <controlfield tag="003">DLC</controlfield>
  <controlfield tag="005">20120809082706.0</controlfield>
  <controlfield tag="008">870422n| acannaab           |n ana     c</controlfield>
  <datafield tag="010" ind1=" " ind2=" ">
    <subfield code="a">n  86024396 </subfield>
  </datafield>
  <datafield tag="040" ind1=" " ind2=" ">
    <subfield code="a">NjP</subfield>
    <subfield code="b">eng</subfield>
    <subfield code="c">DLC</subfield>
    <subfield code="d">DLC</subfield>
  </datafield>
  <datafield tag="111" ind1="2" ind2=" ">
    <subfield code="a">Symposium on the Quantification and Structure of the Import and Export and Long Distance Trade in Africa 1800-1913</subfield>
    <subfield code="d">(1983 :</subfield>
    <subfield code="c">Sankt Augustin, Germany)</subfield>
  </datafield>
  <datafield tag="667" ind1=" " ind2=" ">
    <subfield code="a">THIS 1XX FIELD CANNOT BE USED UNDER RDA UNTIL THIS RECORD HAS BEEN REVIEWED AND/OR UPDATED</subfield>
  </datafield>
  <datafield tag="670" ind1=" " ind2=" ">
    <subfield code="a">Its Figuring African trade, 1986:</subfield>
    <subfield code="b">t.p. (Symposium on the Quantification and Structure of the Import and Export and Long Distance Trade in Africa 1800-1913) p. 1 (1983 : St. Augustine, Germany)</subfield>
  </datafield>
</record>